<record><leader>00000cas a22000007a 4500</leader><controlfield tag="001">10133784</controlfield><controlfield tag="008">831116d19831987coudn ne      0   a0eng d</controlfield><datafield ind1=" " ind2=" " tag="010"><subfield code="a">sn 83009949 </subfield></datafield><datafield ind1=" " ind2=" " tag="040"><subfield code="a">NSD</subfield><subfield code="b">eng</subfield><subfield code="c">NSD</subfield><subfield code="d">CNQ</subfield><subfield code="d">OCLCQ</subfield><subfield code="d">DAD</subfield><subfield code="d">OCLCQ</subfield><subfield code="d">OCLCF</subfield><subfield code="d">OCLCO</subfield></datafield><datafield ind1=" " ind2=" " tag="012"><subfield code="m">1</subfield></datafield><datafield ind1="1" ind2=" " tag="022"><subfield code="a">0746-5807</subfield><subfield code="l">0746-5807</subfield><subfield code="2">1</subfield></datafield><datafield ind1=" " ind2=" " tag="032"><subfield code="a">422140</subfield><subfield code="b">USPS</subfield></datafield><datafield ind1=" " ind2=" " tag="037"><subfield code="b">Douglas County Publishing Co., P.O. Box 77, Parker, CO 80134</subfield></datafield><datafield ind1=" " ind2=" " tag="042"><subfield code="a">nsdp</subfield></datafield><datafield ind1=" " ind2="0" tag="222"><subfield code="a">Parker daily news-press</subfield></datafield><datafield ind1="0" ind2="0" tag="245"><subfield code="a">Parker daily news-press.</subfield></datafield><datafield ind1="1" ind2="7" tag="246"><subfield code="a">News-press</subfield></datafield><datafield ind1=" " ind2=" " tag="260"><subfield code="a">Parker, Colo. :</subfield><subfield code="b">Douglas County Pub. Co.</subfield></datafield><datafield ind1=" " ind2=" " tag="300"><subfield code="a">v.</subfield></datafield><datafield ind1=" " ind2=" " tag="310"><subfield code="a">Daily (except Sun. and Mon.)</subfield></datafield><datafield ind1="0" ind2=" " tag="362"><subfield code="a">Vol. 22, no. 248 (Sept. 16, 1983)-v. 26, no. 195 (May 17, 1987).</subfield></datafield><datafield ind1=" " ind2=" " tag="500"><subfield code="a">Except for masthead, same as Douglas County daily news-press.</subfield></datafield><datafield ind1=" " ind2=" " tag="530"><subfield code="a">Available on microfilm from the Colorado Historical Society.</subfield></datafield><datafield ind1="2" ind2="0" tag="610"><subfield code="a">Douglas County History Research Center (Colo.)</subfield></datafield><datafield ind1="2" ind2="7" tag="610"><subfield code="a">Douglas County History Research Center (Colo.)</subfield><subfield code="2">fast</subfield><subfield code="0">(OCoLC)fst01640199</subfield></datafield><datafield ind1=" " ind2=" " tag="752"><subfield code="a">United States</subfield><subfield code="b">Colorado</subfield><subfield code="c">Douglas</subfield><subfield code="d">Parker.</subfield></datafield><datafield ind1="0" ind2="0" tag="780"><subfield code="t">Parker news-press</subfield><subfield code="w">(DLC)sn 90051179</subfield></datafield><datafield ind1="0" ind2="0" tag="785"><subfield code="t">Daily news-press (Parker, Colo. : 1987)</subfield><subfield code="w">(DLC)sn 90051180</subfield></datafield><datafield ind1=" " ind2=" " tag="936"><subfield code="a">Monday, Oct. 31, 1983</subfield></datafield></record>